@book{garfinkel1999architects,
  title={Architects of the information society: 35 years of the Laboratory for Computer Science at MIT},
  author={Garfinkel, Simson},
  year={1999},
  publisher={MIT press}
}
@online{amazon2023whatis,
  title        = {What is AWS},
  author       = {Amazon Web Services},
  year         = 2023,
  url          = {https://aws.amazon.com/what-is-aws/},
  urldate      = {2023-07-10}
}
@online{googlecloud2023product,
  title        = {Products and Services},
  author       = {Google Cloud},
  year         = 2023,
  url          = {https://cloud.google.com/products},
  urldate      = {2023-07-10}
}
@online{Azure2023WhatisAzure,
  title        = {What is Azure - Microsoft Cloud Services},
  author       = {Microsoft Azure},
  year         = 2023,
  url          = {https://azure.microsoft.com/en-us/resources/cloud-computing-dictionary/what-is-azure/},
  urldate      = {2023-07-10}
}

@book{geewax2018google,
  title={Google Cloud platform in action},
  author={Geewax, John J JJ},
  year={2018},
  publisher={Simon and Schuster}
}

@book{wittig2018amazon,
  title={Amazon web services in action},
  author={Wittig, Michael and Wittig, Andreas},
  year={2018},
  publisher={Simon and Schuster}
}

@book{copeland2015microsoft,
  title={Microsoft Azure: planning, deploying, and managing your data center in the cloud},
  author={Copeland, Marshall and Soh, Julian and Puca, Anthony and Manning, Mike and Gollob, David},
  year={2015},
  publisher={Springer}
}